@incollection{
year={2000},
isbn={978-1-4612-7124-6},
booktitle={Recent Advances in Reliability Theory},
series={Statistics for Industry and Technology},
editor={Limnios, N. and Nikulin, M.},
doi={10.1007/978-1-4612-1384-0_21},
title={Software Reliability Models - Past, Present and Future},
url={http://dx.doi.org/10.1007/978-1-4612-1384-0_21},
publisher={Birkh√§user Boston},
keywords={Software reliability; reliability modelling; repairable systems; reliability growth analysis; nonhomogeneous Poisson processes; Markov process models; Bayesian reliability models},
author={Xie, M.},
pages={325-340},
language={English}
}
