@techreport{citeulike:1341545,
    abstract = {{Describes the IEEE Std 610.12-1990, IEEE standard glossary of software engineering terminology, which identifies terms currently in use in the field of software engineering. Standard definitions for those terms are established.>}},
    citeulike-article-id = {1341545},
    citeulike-linkout-0 = {http://dx.doi.org/10.1109/ieeestd.1990.101064},
    citeulike-linkout-1 = {http://ieeexplore.ieee.org/xpls/abs\_all.jsp?arnumber=159342},
    doi = {10.1109/ieeestd.1990.101064},
    journal = {IEEE Std 610.12-1990},
    keywords = {ieee, software, standard, test},
    pages = {1+},
    posted-at = {2009-05-24 10:46:47},
    priority = {2},
    publisher = {IEEE},
    title = {{IEEE Standard Glossary of Software Engineering Terminology}},
    url = {http://dx.doi.org/10.1109/ieeestd.1990.101064},
    year = {1990}
}

