@techreport{citeulike:10951538,
    author = {{ISO/IEC}},
    citeulike-article-id = {10951538},
    posted-at = {2012-07-27 13:14:40},
    priority = {2},
    publisher = {ISO/IEC},
    title = {{ISO/IEC 25010 - Systems and software engineering - Systems and software Quality Requirements and Evaluation (SQuaRE) - System and software quality models}},
    year = {2010}
}

