@techreport{citeulike:10951538,
    author = {{ISO/IEC}},
    citeulike-article-id = {10951538},
    posted-at = {2012-07-27 13:14:40},
    priority = {2},
    publisher = {ISO/IEC},
    title = {{ISO/IEC 25010 - Systems and software engineering - Systems and software Quality Requirements and Evaluation (SQuaRE) - System and software quality models}},
    year = {2010}
}

@book{pham2007system,
  title={System Software Reliability},
  author={Pham, H.},
  isbn={9781846282959},
  series={Springer Series in Reliability Engineering},
  url={https://books.google.com.br/books?id=CVIHuH-O-NcC},
  year={2007},
  publisher={Springer London}
}

@Book{IEEE-610.12-1990,
  editor = 	 "Jane Radatz",
  title = 	 "IEEE Std 610.12-1990 IEEE Standard Glossary of Software Engineering Terminology",
  publisher = 	 "IEEE Computer Society",
  year = 	 1990,
  month = 	 sep # "~28,",
  abstract =
   "Describes the IEEE Std 610.12-1990, IEEE standard glossary of software
   engineering terminology, which identifies terms currently in use in the
   field of software engineering. Standard definitions for those terms are
   established.",
}

@ARTICLE{1423995, 
author={Yong Tan and Mookerjee, V.S.}, 
journal={Software Engineering, IEEE Transactions on}, 
title={Comparing uniform and flexible policies for software maintenance and replacement}, 
year={2005}, 
month={March}, 
volume={31}, 
number={3}, 
pages={238-255}, 
keywords={software cost estimation;software maintenance;software reusability;optimal scheduling;software cost estimation;software maintenance;software replacement;software reuse;Application software;Computer industry;Cost function;Environmental economics;Java;Optimal scheduling;Personnel;Software maintenance;Software performance;Software systems;Index Terms- Software maintenance and replacement;cost models;optimal scheduling.}, 
doi={10.1109/TSE.2005.30}, 
ISSN={0098-5589}
}

@inproceedings{rttool,
  author = {Paloma Oliveira and Fernando Lima and Marco Tulio Valente and Alexander Serebrenik},
  title = {{RTTool}: A Tool for Extracting Relative Thresholds for Source Code Metrics},
  booktitle = {30th International Conference on Software Maintenance and Evolution (ICSME), Tool Demo Track},
  year = {2014},
  pages = {629--632}
}

@inproceedings{csmrwcre2014b,
  author = {Paloma Oliveira and Marco Tulio Valente and Fernando Lima},
  title = {Extracting Relative Thresholds for Source Code Metrics},
  booktitle = {IEEE Conference on Software Maintenance, Reengineering and Reverse Engineering (CSMR-WCRE)},
  year = {2014},
  pages = {254--263},
  pdf = {http://www.dcc.ufmg.br/~mtov/pub/2014_csmrwcre_thresholds.pdf}
}

@INPROCEEDINGS{5609747, 
author={Alves, T.L. and Ypma, C. and Visser, J.}, 
booktitle={Software Maintenance (ICSM), 2010 IEEE International Conference on}, 
title={Deriving metric thresholds from benchmark data}, 
year={2010}, 
month={Sept}, 
pages={1-10}, 
keywords={object-oriented methods;public domain software;software metrics;benchmark data;metric threshold;object oriented software system;open source software;software metrics;source code metrics;Benchmark testing;Complexity theory;Histograms;Java;Measurement;Software systems}, 
doi={10.1109/ICSM.2010.5609747}, 
ISSN={1063-6773},
}

@INPROCEEDINGS{7012985, 
author={Vale, G. and Figueiredo, E. and Abilio, R. and Costa, H.}, 
booktitle={Software Components, Architectures and Reuse (SBCARS), 2014 Eighth Brazilian Symposium on}, 
title={Bad Smells in Software Product Lines: A Systematic Review}, 
year={2014}, 
month={Sept}, 
pages={84-94}, 
keywords={software maintenance;software product lines;bad smells;market segment;refactoring methods;software product lines;software systems;system design;systematic literature review;Bibliographies;Conferences;Context;Data mining;Databases;Software;Systematics;Bad Smells;Refactoring;Software Product Lines}, 
doi={10.1109/SBCARS.2014.21},
}


@book{Lyu:1996,
 editor = {Lyu, Michael R.},
 title = {Handbook of Software Reliability Engineering},
 year = {1996},
 isbn = {0-07-039400-8},
 publisher = {McGraw-Hill, Inc.},
 address = {Hightstown, NJ, USA},
}

@incollection{srm:2000,
year={2000},
isbn={978-1-4612-7124-6},
booktitle={Recent Advances in Reliability Theory},
series={Statistics for Industry and Technology},
editor={Limnios, N. and Nikulin, M.},
doi={10.1007/978-1-4612-1384-0_21},
title={Software Reliability Models - Past, Present and Future},
url={http://dx.doi.org/10.1007/978-1-4612-1384-0_21},
publisher={Birkh√§user Boston},
keywords={Software reliability; reliability modelling; repairable systems; reliability growth analysis; nonhomogeneous Poisson processes; Markov process models; Bayesian reliability models},
author={Xie, M.},
pages={325-340},
language={English}
}

@inproceedings{Lyu:2007:SRE:1253532.1254716,
 author = {Lyu, Michael R.},
 title = {Software Reliability Engineering: A Roadmap},
 booktitle = {2007 Future of Software Engineering},
 series = {FOSE '07},
 year = {2007},
 isbn = {0-7695-2829-5},
 pages = {153--170},
 numpages = {18},
 url = {http://dx.doi.org/10.1109/FOSE.2007.24},
 doi = {10.1109/FOSE.2007.24},
 acmid = {1254716},
 publisher = {IEEE Computer Society},
 address = {Washington, DC, USA},
} 

@inproceedings{oliveira2014extracting,
  title={Extracting relative thresholds for source code metrics},
  author={Oliveira, Paloma and Valente, Marco Tulio and Paim Lima, Fernando},
  booktitle={Software Maintenance, Reengineering and Reverse Engineering (CSMR-WCRE), 2014 Software Evolution Week-IEEE Conference on},
  pages={254--263},
  year={2014},
  organization={IEEE}
}

@article{ferreira2012identifying,
  title={Identifying thresholds for object-oriented software metrics},
  author={Ferreira, Kecia AM and Bigonha, Mariza AS and Bigonha, Roberto S and Mendes, Luiz FO and Almeida, Heitor C},
  journal={Journal of Systems and Software},
  volume={85},
  number={2},
  pages={244--257},
  year={2012},
  publisher={Elsevier}
}

@inproceedings{alves2010deriving,
  title={Deriving metric thresholds from benchmark data},
  author={Alves, Tiago L and Ypma, Christiaan and Visser, Joost},
  booktitle={Software Maintenance (ICSM), 2010 IEEE International Conference on},
  pages={1--10},
  year={2010},
  organization={IEEE}
}

@inproceedings{abreu1994object,
  title={Object-oriented software engineering: Measuring and controlling the development process},
  author={Abreu, Fernando Brito and Carapu{\c{c}}a, Rog{\'e}rio},
  booktitle={Proceedings of the 4th international conference on software quality},
  volume={186},
  year={1994}
}

@book{lyu1996handbook,
  title={Handbook of software reliability engineering},
  author={Lyu, Michael R and others},
  volume={222},
  year={1996},
  publisher={IEEE computer society press CA}
}
