@book{Lyu:1996,
 editor = {Lyu, Michael R.},
 title = {Handbook of Software Reliability Engineering},
 year = {1996},
 isbn = {0-07-039400-8},
 publisher = {McGraw-Hill, Inc.},
 address = {Hightstown, NJ, USA},
}

@article{leveson1993investigation,
  title={An investigation of the Therac-25 accidents},
  author={Leveson, Nancy G and Turner, Clark S},
  journal={Computer},
  volume={26},
  number={7},
  pages={18--41},
  year={1993},
  publisher={IEEE}
}

@article{tan2005comparing,
  title={Comparing uniform and flexible policies for software maintenance and replacement},
  author={Tan, Yong and Mookerjee, Vijay S},
  journal={Software Engineering, IEEE Transactions on},
  volume={31},
  number={3},
  pages={238--255},
  year={2005},
  publisher={IEEE}
}

@article{chidamber1994metrics,
  title={A metrics suite for object oriented design},
  author={Chidamber, Shyam R and Kemerer, Chris F},
  journal={Software Engineering, IEEE Transactions on},
  volume={20},
  number={6},
  pages={476--493},
  year={1994},
  publisher={IEEE}
}


@article{basili1996validation,
  title={A validation of object-oriented design metrics as quality indicators},
  author={Basili, Victor R and Briand, Lionel C and Melo, Walc{\'e}lio L},
  journal={Software Engineering, IEEE Transactions on},
  volume={22},
  number={10},
  pages={751--761},
  year={1996},
  publisher={IEEE}
}

@Inbook{Jur10,
 author = {Jureczko, Marian and Spinellis, Diomidis},
 title = {Using Object-Oriented Design Metrics to Predict Software Defects},
 volume = {Models and Methodology of System Dependability},
 series = {Monographs of System Dependability},
 year = {2010},
 isbn = {978-83-7493-526-5},
 pages = {69-81},
 publisher = {Oficyna Wydawnicza Politechniki Wroclawskiej},
 address = {Wroclaw, Poland}
}

@article{eaddy2008crosscutting,
  title={Do crosscutting concerns cause defects?},
  author={Eaddy, Marc and Zimmermann, Thomas and Sherwood, Kaitlin D and Garg, Vibhav and Murphy, Gail C and Nagappan, Nachiappan and Aho, Alfred V},
  journal={Software Engineering, IEEE Transactions on},
  volume={34},
  number={4},
  pages={497--515},
  year={2008},
  publisher={IEEE}
}

@article{salem2004prediction,
  title={Prediction of software failures through logistic regression},
  author={Salem, Ahmed M and Rekab, Kamel and Whittaker, James A},
  journal={Information and Software Technology},
  volume={46},
  number={12},
  pages={781--789},
  year={2004},
  publisher={Elsevier}
}